@misc{density_eqn,
  title = {Density of Air},
  howpublished = {\url{https://en.Wikipedia.org/wiki/density_of_air}},
  author = {Wikipedia}
}

@misc{troposphere,
  title = {Atmosphere of Earth},
  howpublished = {\url{https://en.Wikipedia.org/wiki/Atmosphere_of_Earth}},
  author = {Wikipedia}
}

@misc{zeppelin,
  title = {Hindenburg-Class Airship},
  howpublished = {\url{https://en.Wikipedia.org/wiki/Hindenburg-class_airship}},
  author = {Wikipedia}
}

@misc{raleigh,
  title = {Lagrangian Mechanics, Extension to Include Non-Conservative Forces},
  howpublished = {\url{https://en.Wikipedia.org/wiki/Lagrangian_mechanics#Extensions_to_include_non-conservative_forces}},
  author = {Wikipedia}
}

@misc{drag,
  title = {Drag Equation},
  howpublished = {\url{https://en.wikipedia.org/wiki/Drag_equation}},
  author = {Wikipedia}
}

@misc{usslosangeles,
  title = {The Drag Characteristics of Several Airships Determined by Deceleration Tests},
  howpublished = {NACA Technical Report 397},
  author = {Thompson F L, Kirschbaum H W},
  date = {January 01, 1932}
}
